@article{Ignjatovic2009,
author = {Ignjatovic, A.},
doi = {10.1109/TSP.2009.2020749},
file = {:Users/tiao/Documents/Mendeley Desktop/Ignjatovic/2009/Ignjatovic\_2009\_Chromatic Derivatives and Local Approximations.pdf:pdf},
issn = {1053-587X},
journal = {IEEE Transactions on Signal Processing},
month = aug,
number = {8},
pages = {2998--3007},
title = {{Chromatic Derivatives and Local Approximations}},
url = {http://ieeexplore.ieee.org/lpdocs/epic03/wrapper.htm?arnumber=4813249},
volume = {57},
year = {2009}
}
